% This file was created with JabRef 2.9.2.
% Encoding: UTF-8

@Article{BGF15,
  Title                    = {Assimilating lithosphere and slab history in 4-{D} {E}arth models},
  Author                   = {Dan J. Bower and Michael Gurnis and Nicolas Flament},
  Journal                  = {Phys. Earth Planet. Inter.},
  Year                     = {2015},
  Pages                    = {8--22},
  Volume                   = {238},

  Doi                      = {10.1016/j.pepi.2014.10.013},
  File                     = {:2015_bower_pepi.pdf:PDF},
  Owner                    = {danb},
  Timestamp                = {2012.02.07}
}


@ARTICLE{TK03,
  author = {Paul J. Tackley and S.D. King},
  title = {Testing the tracer ratio method for modeling active compositional
	fields in mantle convection simulations},
  journal = {Geochem. Geophy. Geosys.},
  year = {2003},
  volume = {4},
  number = {4},
  eid = {8302},
  doi = {10.1029/2001GC000214}
}

